@TechReport{MUONTDR,
	author 		= {CERN. Geneva. LHC Experiments Committee},
	institution 	= {CMS Collaboration},
	year 		= 1997,
	title 		= {The {CMS} muon project : {T}echnical {D}esign {R}eport},
	note			= {CERN-LHCC-97-032}
}

@TechReport{PHASEIITP,
	author 		= {CERN. Geneva. LHC Experiments Committee},
	institution 	= {CMS Collaboration},
	year 		= 2015,
	title 		= {Technical {P}roposal for the {P}hase-{II U}pgrade of the {CMS} {D}etector},
	note			= {CERN-LHCC-2015-010}
}

@TechReport{CMSTP,
	author 		= {CERN. Geneva. LHC Experiments Committee},
	institution 	= {CMS Collaboration},
	year 		= 1994,
	title 		= {{CMS}, the {C}ompact {M}uon {S}olenoid : technical proposal},
	note			= {CERN-LHCC-94-38}
}